<?xml version="1.0" encoding="UTF-8"?><collection xmlns="http://www.loc.gov/MARC21/slim"><record><leader>00617nam--2200205-i-4500</leader><controlfield tag="001">000028855</controlfield><controlfield tag="002">20161230</controlfield><controlfield tag="005">20161230201037</controlfield><controlfield tag="008">060222s1000------------r-----000-0-ger-d</controlfield><datafield ind1=" " ind2=" " tag="040"><subfield code="a">IFIN-HH</subfield></datafield><datafield ind1=" " ind2=" " tag="041"><subfield code="a">ger</subfield></datafield><datafield ind1=" " ind2=" " tag="080"><subfield code="a">539.163:621.039.7</subfield></datafield><datafield ind1="1" ind2=" " tag="100"><subfield code="a">Kumpf, Walther</subfield></datafield><datafield ind1="1" ind2="0" tag="245"><subfield code="a">Radioaktive substanzen und wasser</subfield><subfield code="b">Eine dokumentation</subfield><subfield code="c">Walter kumpf, bernd dieterich, joachim kumpf</subfield></datafield><datafield ind1=" " ind2=" " tag="260"><subfield code="a">Munchen</subfield><subfield code="b">R.Oldenbourg Verlag</subfield><subfield code="c">1956</subfield></datafield><datafield ind1=" " ind2=" " tag="300"><subfield code="a">240P. CU 40 FIG</subfield></datafield><datafield ind1=" " ind2=" " tag="490"><subfield code="a">Schriftenreihe Gwf: Wasser Abwasser</subfield><subfield code="v">Heft 2</subfield></datafield><datafield ind1="1" ind2=" " tag="700"><subfield code="a">Kumpf, Joachim</subfield></datafield><datafield ind1=" " ind2=" " tag="852"><subfield code="a">12670</subfield><subfield code="c">539.163</subfield></datafield><datafield ind1=" " ind2=" " tag="CAT"><subfield code="a">Sys</subfield><subfield code="c">20120516</subfield><subfield code="h">143310</subfield></datafield></record></collection>